@article{anthropic2023,
  author  = {Anthropic Research},
  title   = {Constitutional AI: Harmlessness from AI Feedback},
  journal = {arXiv preprint arXiv:2304.09350},
  year    = {2023}
}

@misc{superblocks2025,
  author = {James Fahey},
  title  = {The Ultimate Guide to AI Layers in 2025: How They Work},
  howpublished = {\url{https://superblocks.com/blog/ai-layers-2025}},
  year   = {2025},
  note   = {Accessed 2025-10-24}
}

@misc{fmos2024,
  author = {Lumenova Research Group},
  title  = {FMOS: Federated Modular Orchestration Systems for AI Governance},
  howpublished = {\url{https://lumenova.ai/research/fmos}},
  year   = {2024},
  note   = {Cited for dynamic policy enforcement layers.}
}

@misc{paladineval2025,
  author = {PaladinAI Lab},
  title  = {PaladinEval Benchmark Suite for Autonomous AI Systems},
  howpublished = {\url{https://paladineval.ai}},
  year   = {2025},
  note   = {Used for recovery and reasoning consistency evaluation.}
}

@misc{galileo2025,
  author = {Galileo Systems},
  title  = {Evaluating Self-Aware Failures in AI Models},
  howpublished = {\url{https://galileo.ai/reports/selfaware}},
  year   = {2025},
  note   = {Benchmarking method for self-aware failure detection.}
}

@misc{ieeeconferences,
  author = {IEEE Editorial Board},
  title  = {IEEE Editorial Style Manual: Conferences and Journals},
  howpublished = {\url{https://journals.ieeeauthorcenter.ieee.org/}},
  year   = {2024},
  note   = {Referenced for Nomenclature formatting.}
}

@misc{libralcore2025,
  author = {Seigo Kato},
  title  = {Libral Core Project: Privacy-First Microkernel Platform},
  howpublished = {\url{https://github.com/seigo-gace/libral-core}},
  year   = {2025},
  note   = {Source implementation of UTP v2.1 within the G-ACE system.}
}

@article{brother2025utp21,
  author  = {Seigo Kato},
  title   = {Universal Trigger Protocol v2.1: A Self-Governing Cognitive Framework for Autonomous AI Systems},
  journal = {Libral Core Technical Journal},
  year    = {2025},
  url     = {https://github.com/seigo-gace/libral-core},
  note    = {Version 2.1-reinforced, self-stabilizing autonomous AI governance protocol.}
}
